<?xml version="1.0" encoding="UTF-8"?><collection xmlns="http://www.loc.gov/MARC21/slim"><record><leader>00734nam--2200181-i-4500</leader><controlfield tag="001">000000974</controlfield><controlfield tag="002">20161230</controlfield><controlfield tag="005">20161230201024</controlfield><controlfield tag="008">060222s1000------------r-----000-0-eng-d</controlfield><datafield ind1=" " ind2=" " tag="040"><subfield code="a">IFIN-HH</subfield></datafield><datafield ind1=" " ind2=" " tag="080"><subfield code="a">539.1(061.3)</subfield></datafield><datafield ind1="1" ind2=" " tag="100"><subfield code="a">Feng, Da Hsuan</subfield></datafield><datafield ind1="1" ind2="0" tag="245"><subfield code="a">Contemporary research topics in nuclear physics</subfield><subfield code="b">Proceedings of a workshop held at drexel university from september1 to september 3, 1980, under the joint auspices of drexel university, the university of tennessee and vanderbilt university</subfield><subfield code="c">Da hsuan feng, michel vallieres, michael w. guidry, lee l. riedinger (eds.)</subfield></datafield><datafield ind1=" " ind2=" " tag="260"><subfield code="a">New York</subfield><subfield code="b">Plenum Press</subfield><subfield code="c">1982</subfield></datafield><datafield ind1=" " ind2=" " tag="300"><subfield code="a">592P</subfield></datafield><datafield ind1="1" ind2=" " tag="700"><subfield code="a">Riedinger, Lee L</subfield><subfield code="e">Ed</subfield></datafield><datafield ind1=" " ind2=" " tag="852"><subfield code="a">71054</subfield><subfield code="c">539</subfield></datafield><datafield ind1=" " ind2=" " tag="CAT"><subfield code="a">Sys</subfield><subfield code="c">20111013</subfield><subfield code="h">110812</subfield></datafield></record></collection>